@article{o2014cats,
    title={Do cats know they rule {Y}ouTube? {S}urveillance and the pleasures of cat videos},
    author={O'Meara, Radha},
    journal={M/C Journal},
    volume={17},
    number={2},
    year={2014}
}

@booklet{ Bitcoin,
	author = "S. Nakamoto",
	title = "Bitcoin: A Peer-to-Peer Electronic Cash System",
	year = "2008",
	howpublished = "\url{https://bitcoin.org/bitcoin.pdf}"
}

@booklet{ Tendermint,
	author = "J. Kwon",
	title = "TenderMint: Consensus without Mining",
	year = "August, 2014",
	howpublished = "\url{https://cdn.relayto.com/media/files/LPgoWO18TCeMIggJVakt_tendermint.pdf}"
}

@booklet{ Ethereum,
	author = "Vitalik Buterin",
	title = "A next-generation smart contract and decentralized application platform",
	year = "2014",
	howpublished = "\url{https://github.com/ethereum/wiki/wiki/White-Paper}"
}

@booklet{ Ripple,
	author = "David Schwartz and Noah Youngs and Arthur Britto",
	title = "The Ripple Protocol Consensus Algorithm",
	year = "2014",
	howpublished = "\url{https://prod.coss.io/documents/white-papers/ripple.pdf}"
}

@booklet{ Hydrachain,
	author = "W. T. Tsai and L. Yu and C. J. Hu and Y. F. Yao and G. N. Li",
	title = "Hydrachain: Design of A Private Blockchain",
	year = "2016",
	howpublished = "\url{https://github.com/HydraChain/hydrachain/blob/develop/hc_consensus_explained.md}"
}

@inproceedings{ BitcoinThroughput,
	author = "Kyle Croman and Christian Decker and Ittay Eyal and Adem Efe Gencer and Ari Juels and Ahmed E. Kosba and Andrew Miller and Prateek Saxena and Elaine Shi and Emin GuÌˆn Sirer and Dawn Song and Roger Wattenhofer",
	editor = "Jeremy Clark and Sarah Meiklejohn and Peter Y. A. Ryan and Dan S. Wallach and Michael Brenner and Kurt Rohloff",
	title = "On Scaling Decentralized Blockchains",
	year = "2016",
	venue = "Berlin, Heidelberg",
	booktitleaddon = "International Conference on Financial Cryptography and Data Security",
	pages = "106--125"
}

@inproceedings{ PBFT,
	author = "Castro, Miguel and Liskov, Barbara and others",
	title = "Practical Byzantine fault tolerance",
	year = "1999",
	booktitle = "OSDI",
	volume = "99",
	pages = "173--186"
}

@article{ PAXOS,
	title = "The part-time parliament",
	author = "Lamport, Leslie",
	journal =  "ACM Transactions on Computer Systems (TOCS)",
	volume = "16",
	number = "2",
	pages = "133--169",
	year = "1998",
	publisher = "ACM"
}

@article{ Algorand,
	title = "Algorand: The efficient and democratic ledger",
	author= "Micali, Silvio",
	journal= "arXiv preprint arXiv:1607.01341",
	year= "2016"
}